@TECHREPORT{bloomberg,
    INSTITUTION="Bloomberg Financial L.P.",
    TITLE="Management Section (For each company)",
    YEAR="2019",
    AUTHOR="N/A"
}

@TECHREPORT{edgar,
    INSTITUTION="Securities Exchange Commission",
    TITLE="Standard Industrial Classification Codes (For each company)",
    YEAR="2019",
    AUTHOR="N/A"
}

@TECHREPORT{levine,
    AUTHOR="Joel H. Levine",
    YEAR="1977",
    TITLE="The Network of Corporate Interlocks in the United States:
An Overview",
    INSTITUTION="Dartmouth University"
}


